@inproceedings{chakravarty2011accelerating,
  title={Accelerating Haskell array codes with multicore GPUs},
  author={Chakravarty, Manuel M. T. and Keller, Gabriele and Lee, Sean and McDonell, Trevor .L. and Grover, Vinod},
  booktitle={Proceedings of the sixth workshop on Declarative aspects of multicore programming},
  pages={3--14},
  year=2011,
  organization={ACM},
  keywords={articles}
}
@inproceedings{mainland2010nikola,
  title={Nikola: embedding compiled GPU functions in Haskell},
  author={Mainland, Geoffrey and Morrisett, Greg},
  booktitle={Proceedings of the third ACM Haskell symposium on Haskell},
  pages={67--78},
  year={2010},
  organization={ACM},
  keywords={articles}
}

@inproceedings{keller2010regular,
 author = {Keller, Gabriele and Chakravarty, Manuel M.T. and Leshchinskiy, Roman and Peyton Jones, Simon and Lippmeier, Ben},
 title = {Regular, shape-polymorphic, parallel arrays in Haskell},
 booktitle = {Proceedings of the 15th ACM SIGPLAN international conference on Functional programming},
 series = {ICFP '10},
 year = {2010},
 isbn = {978-1-60558-794-3},
 location = {Baltimore, Maryland, USA},
 pages = {261--272},
 numpages = {12},
 url = {http://doi.acm.org/10.1145/1863543.1863582},
 doi = {10.1145/1863543.1863582},
 acmid = {1863582},
 publisher = {ACM},
 address = {New York, NY, USA},
 keywords = {arrays, data parallelism, haskell},
} 

@inproceedings{axelsson2010feldspar,
  title={Feldspar: A domain specific language for digital signal processing algorithms},
  author={Axelsson, Emil and Claessen, Koen and D{\'e}vai, Gergely and Horv{\'a}th, Zolt{\'a}n. and Keijzer, Karin and Lyckegard, Bo and Persson, Anders and Sheeran, Mary and Svenningsson, Josef and Vajda, Andr{\'a}s.},
  booktitle={Formal Methods and Models for Codesign (MEMOCODE), 2010 8th IEEE/ACM International Conference on},
  pages={169--178},
  year=2010,
  organization={IEEE}
}
